@misc{wiki-Magnetic_resonance_imaging,
	author = {},
	title = {},
	year = {(accessed on 23 May 2021)},
	howpublished = {Available online: \url{https://en.wikipedia.org/wiki/Magnetic_resonance_imaging}}
}


@book{book:basic-principles-and-applications,
	title =     {MRI : basic principles and applications},
	author =    {Brown and Mark ,A. and Dale and Brian ,M. and Semelka and Richard ,C},
	publisher = {Wiley-Blackwell},
	isbn =      {978-1-119-01305-1,9781119012948,1119012945,9781119013037,1119013038,9781119013068,1119013062,1119013054},
	year =      {2015},
	series =    {},
	edition =   {5},
	volume =    {},
	url =       {http://gen.lib.rus.ec/book/index.php?md5=d76d7c27e312cdba3afe5cafc952bb7e}
}


@misc{Handouts-NMRhandout.html,
	author = {Dr. Iverson},
	title = {{NMR} Theory Web Handout},
	year = {(accessed on 6 June 2021)},
	howpublished = {Available online: \url{http://iverson.cm.utexas.edu/courses/310N/Handouts/NMRhandout.html}}
}

@misc{science-water-you-water-and-human-body,
	author = {Water Science School},
	title = {The Water in You: Water and the Human Body},
	year = {(accessed on 8 June 2021)},
	howpublished = {Available online: \url{https://www.usgs.gov/special-topic/water-science-school/science/water-you-water-and-human-body}}
}


@article{SpinEchoMagnetic2013,
	doi = {10.1002/jmri.24068},
	year = 2013,
	month = {mar},
	publisher = {Wiley},
	volume = {37},
	number = {4},
	pages = {805--817},
	author = {Bernd Andr{\'{e}} Jung and Matthias Weigel},
	title = {Spin echo magnetic resonance imaging}
}

@article{HidalgoTobon2010,
	doi = {10.1002/cmr.a.20163},
	year = {2010},
	month = jul,
	publisher = {Wiley},
	volume = {36A},
	number = {4},
	pages = {223--242},
	author = {S.S. Hidalgo-Tobon},
	title = {Theory of gradient coil design methods for magnetic resonance imaging},
	journal = {Concepts in Magnetic Resonance Part A}
}

@incollection{McRobbie,
	doi = {10.1017/9781107706958.010},
	publisher = {Cambridge University Press},
	pages = {124--143},
	author = {Donald W. McRobbie and Elizabeth A. Moore and Martin J. Graves},
	title = {Getting in Tune: Resonance and Relaxation},
	booktitle = {{MRI} from Picture to Proton},
	year = {2017},
	month = apr
}

@book{book:MRIfromPictureToProton,
	doi = {10.1017/9781107706958},
	title =     {MRI from Picture to Proton},
	author =    {Donald W. McRobbie and Elizabeth A. Moore and Martin J. Graves and Martin R. Prince},
	publisher = {Cambridge University Press},
	isbn =      {1107643236,9781107643239},
	year =      {2017},
	series =    {},
	edition =   {3},
	volume =    {},
	url =       {http://gen.lib.rus.ec/book/index.php?md5=21afe5cd85038f783f825b10e307a176}
}

@misc{JosephHornak,
	author = {Joseph P. Hornak},
	title = {Chapter 4: NMR SPECTROSCOPY},
	year = {(accessed on 22 June 2021)},
	howpublished = {Available online: \url{https://www.cis.rit.edu/htbooks/mri/chap-4/chap-4.htm#4.1}}
}



@article{ParallelMRImaging2012,
	doi = {10.1002/jmri.23639},
	year = 2012,
	month = {jun},
	publisher = {Wiley},
	volume = {36},
	number = {1},
	pages = {55--72},
	author = {Anagha Deshmane and Vikas Gulani and Mark A. Griswold and Nicole Seiberlich},
	title = {Parallel {MR} imaging}
}

 

@misc{imaging-technology-diagnostic-device-manufacturers,
	author = {},
	title = {Top ten diagnostic imaging device manufacturers},
	year = {(30 October 2012)},
	howpublished = {Available online: \url{https://www.hospitalmanagement.net/features/featuremedical-imaging-technology-diagnostic-device-manufacturers/}}
}







@article{Jin_2016,
	doi = {10.1109/tci.2016.2601296},
	year = 2016,
	month = {dec},
	publisher = {Institute of Electrical and Electronics Engineers ({IEEE})},
	volume = {2},
	number = {4},
	pages = {480--495},
	author = {Kyong Hwan Jin and Dongwook Lee and Jong Chul Ye},
	title = {A General Framework for Compressed Sensing and Parallel {MRI} Using Annihilating Filter Based Low-Rank Hankel Matrix},
	journal = {{IEEE Trans. Comput. Imaging} Transactions on Computational Imaging}
}


@article{Lustig_2007,
	doi = {10.1002/mrm.21391},
	year = 2007,
	publisher = {Wiley},
	volume = {58},
	number = {6},
	pages = {1182--1195},
	author = {Michael Lustig and David Donoho and John M. Pauly},
	title = {Sparse {MRI}: The application of compressed sensing for rapid {MR} imaging},
	journal = {Magn. Reson. Med.}
}

@article{Haldar_2014,
	doi = {10.1109/tmi.2013.2293974},
	year = 2014,
	month = {mar},
	publisher = {Institute of Electrical and Electronics Engineers ({IEEE})},
	volume = {33},
	number = {3},
	pages = {668--681},
	author = {Justin P. Haldar},
	title = {Low-Rank Modeling of Local k-Space Neighborhoods ({LORAKS}) for Constrained {MRI}},
	journal = {{IEEE Trans. Med. Imaging} Transactions on Medical Imaging}
}

@article{Cand_s_2009,
	doi = {10.1007/s10208-009-9045-5},
	year = 2009,
	month = {apr},
	publisher = {Springer Science and Business Media {LLC}},
	volume = {9},
	number = {6},
	pages = {717--772},
	author = {Emmanuel J. Cand{\`{e}}s and Benjamin Recht},
	title = {Exact Matrix Completion via Convex Optimization},
	journal = {Found Comput Math}
}


@article{Unser_2014,
	doi = {10.1109/tit.2014.2311903},
	year = 2014,
	month = {may},
	publisher = {Institute of Electrical and Electronics Engineers ({IEEE})},
	volume = {60},
	number = {5},
	pages = {3036--3051},
	author = {Michael Unser and Pouya D. Tafti and Arash Amini and Hagai Kirshner},
	title = {A Unified Formulation of Gaussian Versus Sparse Stochastic Processes{\textemdash}Part {II}: Discrete-Domain Theory},
	journal = {{IEEE Trans. Inform. Theory} Transactions on Information Theory}
}















@article{PILS-Griswold2000,
	doi = {10.1002/1522-2594(200010)44:4<602::aid-mrm14>3.0.co;2-5},
	year = {2000},
	publisher = {Wiley},
	volume = {44},
	number = {4},
	pages = {602--609},
	author = {Mark A. Griswold and Peter M. Jakob and Mathias Nittka and James W. Goldfarb and Axel Haase},
	title = {Partially parallel imaging with localized sensitivities ({PILS})},
	journal = {Magnetic Resonance in Medicine}
}

@article{GRAPPA-Griswold2002,
	doi = {10.1002/mrm.10171},
	year = {2002},
	month = jun,
	publisher = {Wiley},
	volume = {47},
	number = {6},
	pages = {1202--1210},
	author = {Mark A. Griswold and Peter M. Jakob and Robin M. Heidemann and Mathias Nittka and Vladimir Jellus and Jianmin Wang and Berthold Kiefer and Axel Haase},
	title = {Generalized autocalibrating partially parallel acquisitions ({GRAPPA})},
	journal = {Magnetic Resonance in Medicine}
}

@article{SENSE-1999,
	doi = {10.1002/(sici)1522-2594(199911)42:5<952::aid-mrm16>3.0.co;2-s},
	year = 1999,
	month = {nov},
	publisher = {Wiley},
	volume = {42},
	number = {5},
	pages = {952--962},
	author = {Klaas P. Pruessmann and Markus Weiger and Markus B. Scheidegger and Peter Boesiger},
	title = {{SENSE}: Sensitivity encoding for fast {MRI}}
}

@article{SMASH-1997,
	doi = {10.1002/mrm.1910380414},
	year = 1997,
	month = {oct},
	publisher = {Wiley},
	volume = {38},
	number = {4},
	pages = {591--603},
	author = {Daniel K. Sodickson and Warren J. Manning},
	title = {Simultaneous acquisition of spatial harmonics ({SMASH}): Fast imaging with radiofrequency coil arrays}
}

@article{SMASH-SENSE-PILS-GRAPPA--2004,
	doi = {10.1097/01.rmr.0000136558.09801.dd},
	year = 2004,
	month = {aug},
	publisher = {Ovid Technologies (Wolters Kluwer Health)},
	volume = {15},
	number = {4},
	pages = {223--236},
	author = {Martin Blaimer and Felix Breuer and Matthias Mueller and Robin M Heidemann and Mark A Griswold and Peter M Jakob},
	title = {{SMASH}, {SENSE}, {PILS}, {GRAPPA}}
}












@article{kSpace-deeplearning2020,
	doi = {10.1109/tmi.2019.2927101},
	year = 2020,
	month = {feb},
	publisher = {Institute of Electrical and Electronics Engineers ({IEEE})},
	volume = {39},
	number = {2},
	pages = {377--386},
	author = {Yoseo Han and Leonard Sunwoo and Jong Chul Ye},
	title = {$k$-Space Deep Learning for Accelerated {MRI}},
	journal = {{IEEE Trans. Med. Imaging} Transactions on Medical Imaging}
}















@article{ISMRM,
	doi = {10.1002/mrm.26089},
	year = 2016,
	month = {jan},
	publisher = {Wiley},
	volume = {77},
	number = {1},
	pages = {411--421},
	author = {Souheil J. Inati and Joseph D. Naegele and Nicholas R. Zwart and Vinai Roopchansingh and Martin J. Lizak and David C. Hansen and Chia-Ying Liu and David Atkinson and Peter Kellman and Sebastian Kozerke and Hui Xue and Adrienne E. Campbell-Washburn and Thomas S. S{\o}rensen and Michael S. Hansen},
	title = {{ISMRM} Raw data format: A proposed standard for {MRI} raw datasets}
}










@article{MRI-graph-based,
	doi = {10.1016/j.media.2015.05.012},
	year = 2016,
	month = jan,
	publisher = {Elsevier {BV}},
	volume = {27},
	pages = {93--104},
	author = {Zongying Lai and Xiaobo Qu and Yunsong Liu and Di Guo and Jing Ye and Zhifang Zhan and Zhong Chen},
	title = {Image reconstruction of compressed sensing {MRI} using graph-based redundant wavelet transform}
}




