@misc{wiki-Magnetic_resonance_imaging,
    author = {},
    title = {},
    year = {(accessed on 23 May 2021)},
    howpublished = {Available online: \url{https://en.wikipedia.org/wiki/Magnetic_resonance_imaging}}
}


@book{book:basic-principles-and-applications,
	title =     {MRI : basic principles and applications},
	author =    {Brown, Mark A., Dale, Brian M., Semelka, Richard C},
	publisher = {Wiley-Blackwell},
	isbn =      {978-1-119-01305-1,9781119012948,1119012945,9781119013037,1119013038,9781119013068,1119013062,1119013054},
	year =      {2015},
	series =    {},
	edition =   {5},
	volume =    {},
	url =       {http://gen.lib.rus.ec/book/index.php?md5=d76d7c27e312cdba3afe5cafc952bb7e}
}


@misc{Handouts-NMRhandout.html,
	author = {},
	title = {NMR Theory Web Handout},
	year = {(accessed on 6 June 2021)},
	howpublished = {Available online: \url{http://iverson.cm.utexas.edu/courses/310N/Handouts/NMRhandout.html}}
}

@misc{science-water-you-water-and-human-body,
	author = {},
	title = {},
	year = {(accessed on 8 June 2021)},
	howpublished = {Available online: \url{https://www.usgs.gov/special-topic/water-science-school/science/water-you-water-and-human-body}}
}

@incollection{McRobbie,
	doi = {10.1017/9781107706958.010},
	url = {https://doi.org/10.1017/9781107706958.010},
	publisher = {Cambridge University Press},
	pages = {124--143},
	author = {Donald W. McRobbie and Elizabeth A. Moore and Martin J. Graves},
	title = {Getting in Tune: Resonance and Relaxation},
	booktitle = {{MRI} from Picture to Proton}
}

@misc{JosephHornak,
	author = {Joseph P. Hornak},
	title = {Chapter 4: NMR SPECTROSCOPY},
	year = {(accessed on 22 June 2021)},
	howpublished = {Available online: \url{https://www.cis.rit.edu/htbooks/mri/chap-4/chap-4.htm#4.1}}
}
